<?xml version="1.0" encoding="UTF-8" ?>
<collection xmlns:xsi="http://www.w3.org/2001/XMLSchema-instance"
    xsi:schemaLocation="http://www.loc.gov/MARC21/slim
        http://www.loc.gov/standards/marcxml/schema/MARC21slim.xsd"
    xmlns="http://www.loc.gov/MARC21/slim">
<record>
  <leader>00237cam a2200445 ia4500</leader>
  <controlfield tag="001">b12783638</controlfield>
  <controlfield tag="003">LeBAU</controlfield>
  <controlfield tag="005">20171011</controlfield>
  <controlfield tag="008">971202s1953    iq acf   b    ||0 0 ara d</controlfield>
  <datafield tag="035" ind1=" " ind2=" ">
    <subfield code="a">ocn784512137</subfield>
  </datafield>
  <datafield tag="040" ind1=" " ind2=" ">
    <subfield code="a">LEAUB</subfield>
    <subfield code="b">ara</subfield>
    <subfield code="e">rda</subfield>
    <subfield code="c">LEAUB</subfield>
    <subfield code="d">LEAUB</subfield>
  </datafield>
  <datafield tag="082" ind1="0" ind2="4">
    <subfield code="a">956.7</subfield>
    <subfield code="2">22</subfield>
  </datafield>
  <datafield tag="100" ind1="1" ind2=" ">
    <subfield code="6">880-01</subfield>
    <subfield code="a">Hilālī, ʻAbd al-Razzāq,</subfield>
    <subfield code="d">1916-</subfield>
    <subfield code="e">author.</subfield>
  </datafield>
  <datafield tag="245" ind1="1" ind2="0">
    <subfield code="6">880-02</subfield>
    <subfield code="a">Mu‘jam al-‘Irāq :</subfield>
    <subfield code="b">sijill tārīkhī siyāsī iqtiṣādī ijtimā‘ī thaqāfī yabḥathu bi-ījāz daqīq ‘an mukhtalaf nawāḥī al-ḥayāt al-‘āmmah fī al-‘Irāq mundhu al-‘ahd al-‘Uthmānī ḥattá al-yawm /</subfield>
    <subfield code="c">‘Abd al-Razzāq al-Hilālī.</subfield>
  </datafield>
  <datafield tag="264" ind1=" " ind2="1">
    <subfield code="6">880-03</subfield>
    <subfield code="a">Baghdād :</subfield>
    <subfield code="b">Maṭba‘at al-Najāḥ,</subfield>
    <subfield code="c">1953.</subfield>
  </datafield>
  <datafield tag="300" ind1=" " ind2=" ">
    <subfield code="6">880-04</subfield>
    <subfield code="a">1 volume (328, 250 pages, 4 unnumbered leaves of plates) :</subfield>
    <subfield code="b">illustrations, genealogical table, portraits ;</subfield>
    <subfield code="c">24 cm</subfield>
  </datafield>
  <datafield tag="336" ind1=" " ind2=" ">
    <subfield code="a">text</subfield>
    <subfield code="b">txt</subfield>
    <subfield code="2">rdacontent</subfield>
  </datafield>
  <datafield tag="336" ind1=" " ind2=" ">
    <subfield code="a">still image</subfield>
    <subfield code="b">sti</subfield>
    <subfield code="2">rdacontent</subfield>
  </datafield>
  <datafield tag="337" ind1=" " ind2=" ">
    <subfield code="a">unmediated</subfield>
    <subfield code="b">n</subfield>
    <subfield code="2">rdamedia</subfield>
  </datafield>
  <datafield tag="338" ind1=" " ind2=" ">
    <subfield code="a">volume</subfield>
    <subfield code="b">nc</subfield>
    <subfield code="2">rdacarrier</subfield>
  </datafield>
  <datafield tag="500" ind1=" " ind2=" ">
    <subfield code="a">"ساعدت وزارة المعارف على نشرهذا الكتاب"</subfield>
  </datafield>
  <datafield tag="500" ind1=" " ind2=" ">
    <subfield code="a">لم يصدر اي جزء آخر من هذا الكتاب.</subfield>
  </datafield>
  <datafield tag="500" ind1=" " ind2=" ">
    <subfield code="a">الجزء الثاني من إصدار مطابع دار الكشاف للنشر والطباعة والتوزيع سنة 1956.</subfield>
  </datafield>
  <datafield tag="501" ind1=" " ind2=" ">
    <subfield code="a">هذا الكتاب مجلد 2 جزء ببليوغرافي في 1 جزء مادي.</subfield>
  </datafield>
  <datafield tag="504" ind1=" " ind2=" ">
    <subfield code="a">يتضمن مراجع ببليوغرافية.</subfield>
  </datafield>
  <datafield tag="520" ind1="3" ind2=" ">
    <subfield code="a">"كتاب بجزءين اصدره الاستاذ عبد الرزاق الهلالي الكاتب والباحث الشهير (رحمه الله). وقد وضع له عنوانا فرعيا يقول انه: "سجل تاريخي سياسي اقتصادي اجتماعي ثقافي يبحث بايجاز دقيق عن مختلف نواحي الحياة العامة في العراق منذ العهد العثماني حتى اليوم" وقد نشر سنة 1953 وطبع في مطبعة النجاح ببغداد. من مباحث الكتاب موجز جغرافية العراق - مجمل تاريخ العراق - العائلة المالكة في العراق - النسب الهاشمي -  بداية المعجم وقد رتب حسب الحروف الهجارية ومن المواد التي كتب عنها المؤلف: الابار الارتوازية الاثار القديمة -  الاثوريون في العراق - الاحزاب السياسية - الادارة المحلية -الاذاعة اللاسلكية - الاراضي في العراق – اربيل - الازياء في العراق - الاسماك في العراق - البادية العراقية - البريد والبرق - تجارة العراق - التعليم في العراق - تسوية حقوق الاراضي - الجامعة العراقية - تقسيمات العراق الادارية - الثرثار - الثروة المعدنية - الثورة العراقية - الجمعيات في العراق - بيوت الامة - الطيران العراقية - الجيش العراقي- الكلية العسكرية - حدود العراق السياسية - خدمة العلم - الخطوط الجوية العراقية - الدجيلة - الرمادي - الزراعة في العراق - شعار الدولة العراقية -الصحة - الشركات - الفاو - ديوان التدوين القانوني - كلية الاركان . وموضوعات كثيرة اخرى ..معجم مهم ومفيد."</subfield>
  </datafield>
  <datafield tag="588" ind1=" " ind2=" ">
    <subfield code="a">هذا المستخلص أخذ من مدونة الدكتور إبراهيم العلاف: http://wwwallafblogspotcom.blogspot.com/2013/08/blog-post_1.html?m=1 (تاريخ زيارة الموقع 2017-10-11)</subfield>
  </datafield>
  <datafield tag="651" ind1=" " ind2="4">
    <subfield code="a">العراق</subfield>
    <subfield code="x">تاريخ</subfield>
    <subfield code="v">موسوعات.</subfield>
  </datafield>
  <datafield tag="651" ind1=" " ind2="4">
    <subfield code="a">العراق</subfield>
    <subfield code="x">وصف ورحلات</subfield>
    <subfield code="v">موسوعات.</subfield>
  </datafield>
  <datafield tag="651" ind1=" " ind2="0">
    <subfield code="a">Iraq</subfield>
    <subfield code="x">History</subfield>
    <subfield code="v">Encyclopedias.</subfield>
  </datafield>
  <datafield tag="651" ind1=" " ind2="0">
    <subfield code="a">Iraq</subfield>
    <subfield code="x">Description and travel</subfield>
    <subfield code="v">Encyclopedias.</subfield>
  </datafield>
  <datafield tag="852" ind1=" " ind2=" ">
    <subfield code="a">Jafet Archives and Special Collections</subfield>
    <subfield code="e">American University of Beirut, Bliss Street , Beirut, Lebanon.</subfield>
  </datafield>
  <datafield tag="880" ind1="1" ind2=" ">
    <subfield code="6">100-01/(3/r</subfield>
    <subfield code="a">الهلالي، عبد الرزاق،</subfield>
    <subfield code="e">مؤلف. </subfield>
    <subfield code="4">aut.</subfield>
  </datafield>
  <datafield tag="880" ind1="1" ind2="0">
    <subfield code="6">245-02/(3/r</subfield>
    <subfield code="a">معجم العراق :</subfield>
    <subfield code="b">سجل تاريخي سياسي إقتصادي إجتماعي ثقافي يبحث بإيجاز دقيق عن مختلف نواحي الحياة العامة في العراق منذ العهد العثماني حتى اليوم /</subfield>
    <subfield code="c">عبد الرزاق الهلالي.</subfield>
  </datafield>
  <datafield tag="880" ind1=" " ind2="1">
    <subfield code="6">264-03/(3/r</subfield>
    <subfield code="a">بغداد :</subfield>
    <subfield code="b">مطبعة النجاح،</subfield>
    <subfield code="c">1953.</subfield>
  </datafield>
  <datafield tag="880" ind1=" " ind2=" ">
    <subfield code="6">300-04/(3/r</subfield>
    <subfield code="a">1 جزء (328، 250 صفحة، 4 ورقات لوحات غير مرقمة) :</subfield>
    <subfield code="b">مصورات، شجرة أنساب، صور شخصانية ؛</subfield>
    <subfield code="c">24 سم</subfield>
  </datafield>
  <datafield tag="907" ind1=" " ind2=" ">
    <subfield code="a">.b12783638</subfield>
    <subfield code="b">17-10-16</subfield>
    <subfield code="c">11-05-24</subfield>
  </datafield>
  <datafield tag="907" ind1=" " ind2=" ">
    <subfield code="a">.b12783638</subfield>
    <subfield code="b">15-10-15</subfield>
    <subfield code="c">11-05-24</subfield>
  </datafield>
  <datafield tag="945" ind1=" " ind2=" ">
    <subfield code="f">CA</subfield>
    <subfield code="a">956.7:H64mA:v.1-2</subfield>
    <subfield code="i">01070451</subfield>
    <subfield code="j">.i13374655</subfield>
    <subfield code="l">u0304</subfield>
  </datafield>
  <datafield tag="998" ind1=" " ind2=" ">
    <subfield code="a">u03</subfield>
    <subfield code="b">97-12-02</subfield>
    <subfield code="c">m</subfield>
    <subfield code="d">a</subfield>
    <subfield code="e">-</subfield>
    <subfield code="f">ara</subfield>
    <subfield code="g">iq </subfield>
    <subfield code="h">0</subfield>
    <subfield code="i">1</subfield>
  </datafield>
</record>
</collection>
